%YAML 1.1
%TAG !u! tag:unity3d.com,2011:
--- !u!1001 &100100000
Prefab:
  m_ObjectHideFlags: 1
  serializedVersion: 2
  m_Modification:
    m_TransformParent: {fileID: 0}
    m_Modifications: []
    m_RemovedComponents: []
  m_ParentPrefab: {fileID: 0}
  m_RootGameObject: {fileID: 1053173101441448}
  m_IsPrefabParent: 1
--- !u!1 &1053173101441448
GameObject:
  m_ObjectHideFlags: 0
  m_PrefabParentObject: {fileID: 0}
  m_PrefabInternal: {fileID: 100100000}
  serializedVersion: 5
  m_Component:
  - component: {fileID: 4258683823088552}
  - component: {fileID: 95273964486898450}
  m_Layer: 0
  m_Name: dwarf
  m_TagString: Untagged
  m_Icon: {fileID: 0}
  m_NavMeshLayer: 0
  m_StaticEditorFlags: 0
  m_IsActive: 1
--- !u!1 &1085564271686728
GameObject:
  m_ObjectHideFlags: 1
  m_PrefabParentObject: {fileID: 0}
  m_PrefabInternal: {fileID: 100100000}
  serializedVersion: 5
  m_Component:
  - component: {fileID: 4079717300352928}
  m_Layer: 0
  m_Name: Base HumanLPalm
  m_TagString: Untagged
  m_Icon: {fileID: 0}
  m_NavMeshLayer: 0
  m_StaticEditorFlags: 0
  m_IsActive: 1
--- !u!1 &1121440207292518
GameObject:
  m_ObjectHideFlags: 1
  m_PrefabParentObject: {fileID: 0}
  m_PrefabInternal: {fileID: 100100000}
  serializedVersion: 5
  m_Component:
  - component: {fileID: 4187200661601612}
  m_Layer: 0
  m_Name: Base HumanSpine1
  m_TagString: Untagged
  m_Icon: {fileID: 0}
  m_NavMeshLayer: 0
  m_StaticEditorFlags: 0
  m_IsActive: 1
--- !u!1 &1130306463700824
GameObject:
  m_ObjectHideFlags: 1
  m_PrefabParentObject: {fileID: 0}
  m_PrefabInternal: {fileID: 100100000}
  serializedVersion: 5
  m_Component:
  - component: {fileID: 4987394306811008}
  m_Layer: 0
  m_Name: Base HumanLFoot
  m_TagString: Untagged
  m_Icon: {fileID: 0}
  m_NavMeshLayer: 0
  m_StaticEditorFlags: 0
  m_IsActive: 1
--- !u!1 &1132006062467770
GameObject:
  m_ObjectHideFlags: 1
  m_PrefabParentObject: {fileID: 0}
  m_PrefabInternal: {fileID: 100100000}
  serializedVersion: 5
  m_Component:
  - component: {fileID: 4018071357933412}
  m_Layer: 0
  m_Name: Base HumanLForearm
  m_TagString: Untagged
  m_Icon: {fileID: 0}
  m_NavMeshLayer: 0
  m_StaticEditorFlags: 0
  m_IsActive: 1
--- !u!1 &1237855064749744
GameObject:
  m_ObjectHideFlags: 1
  m_PrefabParentObject: {fileID: 0}
  m_PrefabInternal: {fileID: 100100000}
  serializedVersion: 5
  m_Component:
  - component: {fileID: 4360863315615712}
  m_Layer: 0
  m_Name: Base HumanRLegCalf
  m_TagString: Untagged
  m_Icon: {fileID: 0}
  m_NavMeshLayer: 0
  m_StaticEditorFlags: 0
  m_IsActive: 1
--- !u!1 &1238345949116656
GameObject:
  m_ObjectHideFlags: 1
  m_PrefabParentObject: {fileID: 0}
  m_PrefabInternal: {fileID: 100100000}
  serializedVersion: 5
  m_Component:
  - component: {fileID: 4520448857009662}
  m_Layer: 0
  m_Name: Base HumanHead
  m_TagString: Untagged
  m_Icon: {fileID: 0}
  m_NavMeshLayer: 0
  m_StaticEditorFlags: 0
  m_IsActive: 1
--- !u!1 &1244551536499458
GameObject:
  m_ObjectHideFlags: 1
  m_PrefabParentObject: {fileID: 0}
  m_PrefabInternal: {fileID: 100100000}
  serializedVersion: 5
  m_Component:
  - component: {fileID: 4791418473919788}
  m_Layer: 0
  m_Name: Base HumanRArmForearm
  m_TagString: Untagged
  m_Icon: {fileID: 0}
  m_NavMeshLayer: 0
  m_StaticEditorFlags: 0
  m_IsActive: 1
--- !u!1 &1307111454654674
GameObject:
  m_ObjectHideFlags: 1
  m_PrefabParentObject: {fileID: 0}
  m_PrefabInternal: {fileID: 100100000}
  serializedVersion: 5
  m_Component:
  - component: {fileID: 4983621156543472}
  m_Layer: 0
  m_Name: Base HumanRLegFoot
  m_TagString: Untagged
  m_Icon: {fileID: 0}
  m_NavMeshLayer: 0
  m_StaticEditorFlags: 0
  m_IsActive: 1
--- !u!1 &1408999629670318
GameObject:
  m_ObjectHideFlags: 1
  m_PrefabParentObject: {fileID: 0}
  m_PrefabInternal: {fileID: 100100000}
  serializedVersion: 5
  m_Component:
  - component: {fileID: 4236434183985568}
  m_Layer: 0
  m_Name: Base HumanLThigh
  m_TagString: Untagged
  m_Icon: {fileID: 0}
  m_NavMeshLayer: 0
  m_StaticEditorFlags: 0
  m_IsActive: 1
--- !u!1 &1417496292365320
GameObject:
  m_ObjectHideFlags: 0
  m_PrefabParentObject: {fileID: 0}
  m_PrefabInternal: {fileID: 100100000}
  serializedVersion: 5
  m_Component:
  - component: {fileID: 4182724255612832}
  m_Layer: 0
  m_Name: Base HumanPelvis
  m_TagString: Untagged
  m_Icon: {fileID: 0}
  m_NavMeshLayer: 0
  m_StaticEditorFlags: 0
  m_IsActive: 1
--- !u!1 &1435693706124782
GameObject:
  m_ObjectHideFlags: 1
  m_PrefabParentObject: {fileID: 0}
  m_PrefabInternal: {fileID: 100100000}
  serializedVersion: 5
  m_Component:
  - component: {fileID: 4898549596247370}
  m_Layer: 0
  m_Name: Base HumanLUpperarm
  m_TagString: Untagged
  m_Icon: {fileID: 0}
  m_NavMeshLayer: 0
  m_StaticEditorFlags: 0
  m_IsActive: 1
--- !u!1 &1556625731000480
GameObject:
  m_ObjectHideFlags: 1
  m_PrefabParentObject: {fileID: 0}
  m_PrefabInternal: {fileID: 100100000}
  serializedVersion: 5
  m_Component:
  - component: {fileID: 4963936163365078}
  m_Layer: 0
  m_Name: Base HumanRArmPalm
  m_TagString: Untagged
  m_Icon: {fileID: 0}
  m_NavMeshLayer: 0
  m_StaticEditorFlags: 0
  m_IsActive: 1
--- !u!1 &1627051143894422
GameObject:
  m_ObjectHideFlags: 1
  m_PrefabParentObject: {fileID: 0}
  m_PrefabInternal: {fileID: 100100000}
  serializedVersion: 5
  m_Component:
  - component: {fileID: 4953354193508030}
  m_Layer: 0
  m_Name: Base HumanNeck
  m_TagString: Untagged
  m_Icon: {fileID: 0}
  m_NavMeshLayer: 0
  m_StaticEditorFlags: 0
  m_IsActive: 1
--- !u!1 &1691610622386550
GameObject:
  m_ObjectHideFlags: 1
  m_PrefabParentObject: {fileID: 0}
  m_PrefabInternal: {fileID: 100100000}
  serializedVersion: 5
  m_Component:
  - component: {fileID: 4578561565276858}
  m_Layer: 0
  m_Name: Base HumanSpine2
  m_TagString: Untagged
  m_Icon: {fileID: 0}
  m_NavMeshLayer: 0
  m_StaticEditorFlags: 0
  m_IsActive: 1
--- !u!1 &1850849719181182
GameObject:
  m_ObjectHideFlags: 1
  m_PrefabParentObject: {fileID: 0}
  m_PrefabInternal: {fileID: 100100000}
  serializedVersion: 5
  m_Component:
  - component: {fileID: 4488624297990224}
  m_Layer: 0
  m_Name: Base HumanLCalf
  m_TagString: Untagged
  m_Icon: {fileID: 0}
  m_NavMeshLayer: 0
  m_StaticEditorFlags: 0
  m_IsActive: 1
--- !u!1 &1859878160902350
GameObject:
  m_ObjectHideFlags: 0
  m_PrefabParentObject: {fileID: 0}
  m_PrefabInternal: {fileID: 100100000}
  serializedVersion: 5
  m_Component:
  - component: {fileID: 4082104103484516}
  - component: {fileID: 137754916618552586}
  m_Layer: 0
  m_Name: Dwarf
  m_TagString: Untagged
  m_Icon: {fileID: 0}
  m_NavMeshLayer: 0
  m_StaticEditorFlags: 0
  m_IsActive: 1
--- !u!1 &1868427953761938
GameObject:
  m_ObjectHideFlags: 1
  m_PrefabParentObject: {fileID: 0}
  m_PrefabInternal: {fileID: 100100000}
  serializedVersion: 5
  m_Component:
  - component: {fileID: 4783781388952466}
  m_Layer: 0
  m_Name: Base HumanRibcage
  m_TagString: Untagged
  m_Icon: {fileID: 0}
  m_NavMeshLayer: 0
  m_StaticEditorFlags: 0
  m_IsActive: 1
--- !u!1 &1916472137771784
GameObject:
  m_ObjectHideFlags: 1
  m_PrefabParentObject: {fileID: 0}
  m_PrefabInternal: {fileID: 100100000}
  serializedVersion: 5
  m_Component:
  - component: {fileID: 4386484962344600}
  m_Layer: 0
  m_Name: Base HumanSpine101
  m_TagString: Untagged
  m_Icon: {fileID: 0}
  m_NavMeshLayer: 0
  m_StaticEditorFlags: 0
  m_IsActive: 1
--- !u!1 &1923064160112776
GameObject:
  m_ObjectHideFlags: 1
  m_PrefabParentObject: {fileID: 0}
  m_PrefabInternal: {fileID: 100100000}
  serializedVersion: 5
  m_Component:
  - component: {fileID: 4509193066868612}
  m_Layer: 0
  m_Name: Base HumanRLegThigh
  m_TagString: Untagged
  m_Icon: {fileID: 0}
  m_NavMeshLayer: 0
  m_StaticEditorFlags: 0
  m_IsActive: 1
--- !u!1 &1964976013728368
GameObject:
  m_ObjectHideFlags: 1
  m_PrefabParentObject: {fileID: 0}
  m_PrefabInternal: {fileID: 100100000}
  serializedVersion: 5
  m_Component:
  - component: {fileID: 4464125302844678}
  m_Layer: 0
  m_Name: Base HumanSpine3
  m_TagString: Untagged
  m_Icon: {fileID: 0}
  m_NavMeshLayer: 0
  m_StaticEditorFlags: 0
  m_IsActive: 1
--- !u!4 &4018071357933412
Transform:
  m_ObjectHideFlags: 1
  m_PrefabParentObject: {fileID: 0}
  m_PrefabInternal: {fileID: 100100000}
  m_GameObject: {fileID: 1132006062467770}
  m_LocalRotation: {x: 0.035381038, y: 0.064606935, z: -0.22023742, w: 0.9726611}
  m_LocalPosition: {x: -0.39964673, y: -0.000000012111664, z: 0}
  m_LocalScale: {x: 1.0000025, y: 0.99999934, z: 0.9999975}
  m_Children:
  - {fileID: 4079717300352928}
  m_Father: {fileID: 4898549596247370}
  m_RootOrder: 0
  m_LocalEulerAnglesHint: {x: 0, y: 0, z: 0}
--- !u!4 &4079717300352928
Transform:
  m_ObjectHideFlags: 1
  m_PrefabParentObject: {fileID: 0}
  m_PrefabInternal: {fileID: 100100000}
  m_GameObject: {fileID: 1085564271686728}
  m_LocalRotation: {x: 0.7163841, y: 0.027914073, z: -0.024041267, w: 0.6967328}
  m_LocalPosition: {x: -0.29609996, y: 0, z: 0}
  m_LocalScale: {x: 1.0000091, y: 0.9999934, z: 0.9999971}
  m_Children: []
  m_Father: {fileID: 4018071357933412}
  m_RootOrder: 0
  m_LocalEulerAnglesHint: {x: 0, y: 0, z: 0}
--- !u!4 &4082104103484516
Transform:
  m_ObjectHideFlags: 1
  m_PrefabParentObject: {fileID: 0}
  m_PrefabInternal: {fileID: 100100000}
  m_GameObject: {fileID: 1859878160902350}
  m_LocalRotation: {x: 0.000000021855694, y: 0, z: -0, w: 1}
  m_LocalPosition: {x: -0, y: 0, z: 0}
  m_LocalScale: {x: 1, y: 1, z: 1}
  m_Children: []
  m_Father: {fileID: 4258683823088552}
  m_RootOrder: 1
  m_LocalEulerAnglesHint: {x: 0, y: 0, z: 0}
--- !u!4 &4182724255612832
Transform:
  m_ObjectHideFlags: 1
  m_PrefabParentObject: {fileID: 0}
  m_PrefabInternal: {fileID: 100100000}
  m_GameObject: {fileID: 1417496292365320}
  m_LocalRotation: {x: 0.49912265, y: -0.50086725, z: -0.4991312, w: 0.5008759}
  m_LocalPosition: {x: 0.00000007829663, y: 1.3662579, z: -0.12740096}
  m_LocalScale: {x: 1, y: 1, z: 1}
  m_Children:
  - {fileID: 4236434183985568}
  - {fileID: 4509193066868612}
  - {fileID: 4187200661601612}
  m_Father: {fileID: 4258683823088552}
  m_RootOrder: 0
  m_LocalEulerAnglesHint: {x: 0, y: 0, z: 0}
--- !u!4 &4187200661601612
Transform:
  m_ObjectHideFlags: 1
  m_PrefabParentObject: {fileID: 0}
  m_PrefabInternal: {fileID: 100100000}
  m_GameObject: {fileID: 1121440207292518}
  m_LocalRotation: {x: -0.000000014304573, y: -0.0000000154785, z: -0.006219756, w: 0.9999807}
  m_LocalPosition: {x: -0.073522255, y: 0.007918618, z: -0.00000001385497}
  m_LocalScale: {x: 1.0000005, y: 1.0000005, z: 1.0000001}
  m_Children:
  - {fileID: 4578561565276858}
  m_Father: {fileID: 4182724255612832}
  m_RootOrder: 2
  m_LocalEulerAnglesHint: {x: 0, y: 0, z: 0}
--- !u!4 &4236434183985568
Transform:
  m_ObjectHideFlags: 1
  m_PrefabParentObject: {fileID: 0}
  m_PrefabInternal: {fileID: 100100000}
  m_GameObject: {fileID: 1408999629670318}
  m_LocalRotation: {x: 0.0044525736, y: 0.99943835, z: -0.006405356, w: 0.032591965}
  m_LocalPosition: {x: 0.09698623, y: 0.07288784, z: 0.23186782}
  m_LocalScale: {x: 1, y: 1.0000002, z: 1}
  m_Children:
  - {fileID: 4488624297990224}
  m_Father: {fileID: 4182724255612832}
  m_RootOrder: 0
  m_LocalEulerAnglesHint: {x: 0, y: 0, z: 0}
--- !u!4 &4258683823088552
Transform:
  m_ObjectHideFlags: 1
  m_PrefabParentObject: {fileID: 0}
  m_PrefabInternal: {fileID: 100100000}
  m_GameObject: {fileID: 1053173101441448}
  m_LocalRotation: {x: -0, y: -0, z: -0, w: 1}
  m_LocalPosition: {x: 2.26, y: 0, z: 4.472}
  m_LocalScale: {x: 0.25, y: 0.25, z: 0.25}
  m_Children:
  - {fileID: 4182724255612832}
  - {fileID: 4082104103484516}
  m_Father: {fileID: 0}
  m_RootOrder: 0
  m_LocalEulerAnglesHint: {x: 0, y: 0, z: 0}
--- !u!4 &4360863315615712
Transform:
  m_ObjectHideFlags: 1
  m_PrefabParentObject: {fileID: 0}
  m_PrefabInternal: {fileID: 100100000}
  m_GameObject: {fileID: 1237855064749744}
  m_LocalRotation: {x: 0.28695327, y: -0.020541796, z: 0.04524621, w: 0.95665497}
  m_LocalPosition: {x: -0.467098, y: 0.00000030884743, z: 0.0000001695633}
  m_LocalScale: {x: 1.0000004, y: 0.99999994, z: 1.0000007}
  m_Children:
  - {fileID: 4983621156543472}
  m_Father: {fileID: 4509193066868612}
  m_RootOrder: 0
  m_LocalEulerAnglesHint: {x: 0, y: 0, z: 0}
--- !u!4 &4386484962344600
Transform:
  m_ObjectHideFlags: 1
  m_PrefabParentObject: {fileID: 0}
  m_PrefabInternal: {fileID: 100100000}
  m_GameObject: {fileID: 1916472137771784}
  m_LocalRotation: {x: 0.02246272, y: 0.95270467, z: -0.18605003, w: -0.23923777}
  m_LocalPosition: {x: 0.16523255, y: 0.067353256, z: -0.34448975}
  m_LocalScale: {x: 1.0000006, y: 1, z: 0.9999997}
  m_Children:
  - {fileID: 4791418473919788}
  m_Father: {fileID: 4783781388952466}
  m_RootOrder: 2
  m_LocalEulerAnglesHint: {x: 0, y: 0, z: 0}
--- !u!4 &4464125302844678
Transform:
  m_ObjectHideFlags: 1
  m_PrefabParentObject: {fileID: 0}
  m_PrefabInternal: {fileID: 100100000}
  m_GameObject: {fileID: 1964976013728368}
  m_LocalRotation: {x: 4.2264324e-11, y: -0.0000000226, z: 0.13550712, w: 0.9907764}
  m_LocalPosition: {x: -0.2943925, y: 0.000000012111664, z: 1.8480932e-13}
  m_LocalScale: {x: 1.0000002, y: 1.0000002, z: 1}
  m_Children:
  - {fileID: 4783781388952466}
  m_Father: {fileID: 4578561565276858}
  m_RootOrder: 0
  m_LocalEulerAnglesHint: {x: 0, y: 0, z: 0}
--- !u!4 &4488624297990224
Transform:
  m_ObjectHideFlags: 1
  m_PrefabParentObject: {fileID: 0}
  m_PrefabInternal: {fileID: 100100000}
  m_GameObject: {fileID: 1850849719181182}
  m_LocalRotation: {x: -0.28695902, y: 0.020805491, z: 0.04537011, w: 0.9566417}
  m_LocalPosition: {x: -0.46709803, y: 0.00000026040078, z: -0.00000012111664}
  m_LocalScale: {x: 1.0000006, y: 1.0000014, z: 0.9999997}
  m_Children:
  - {fileID: 4987394306811008}
  m_Father: {fileID: 4236434183985568}
  m_RootOrder: 0
  m_LocalEulerAnglesHint: {x: 0, y: 0, z: 0}
--- !u!4 &4509193066868612
Transform:
  m_ObjectHideFlags: 1
  m_PrefabParentObject: {fileID: 0}
  m_PrefabInternal: {fileID: 100100000}
  m_GameObject: {fileID: 1923064160112776}
  m_LocalRotation: {x: 0.0044676, y: 0.9994371, z: 0.0064073075, w: -0.03262633}
  m_LocalPosition: {x: 0.09698623, y: 0.07288784, z: -0.23186782}
  m_LocalScale: {x: 1.0000001, y: 1.0000002, z: 1}
  m_Children:
  - {fileID: 4360863315615712}
  m_Father: {fileID: 4182724255612832}
  m_RootOrder: 1
  m_LocalEulerAnglesHint: {x: 0, y: 0, z: 0}
--- !u!4 &4520448857009662
Transform:
  m_ObjectHideFlags: 1
  m_PrefabParentObject: {fileID: 0}
  m_PrefabInternal: {fileID: 100100000}
  m_GameObject: {fileID: 1238345949116656}
  m_LocalRotation: {x: 8.325261e-10, y: 1.3678322e-10, z: -0.03824912, w: 0.99926823}
  m_LocalPosition: {x: -0.13687071, y: -0.000000012111664, z: 1.8480932e-13}
  m_LocalScale: {x: 1, y: 1.0000001, z: 1}
  m_Children: []
  m_Father: {fileID: 4953354193508030}
  m_RootOrder: 0
  m_LocalEulerAnglesHint: {x: 0, y: 0, z: 0}
--- !u!4 &4578561565276858
Transform:
  m_ObjectHideFlags: 1
  m_PrefabParentObject: {fileID: 0}
  m_PrefabInternal: {fileID: 100100000}
  m_GameObject: {fileID: 1691610622386550}
  m_LocalRotation: {x: 0.000000008607971, y: 0.000000050484882, z: 0.003151244, w: 0.99999505}
  m_LocalPosition: {x: -0.32519835, y: 0, z: 0}
  m_LocalScale: {x: 1.0000001, y: 1.0000002, z: 1}
  m_Children:
  - {fileID: 4464125302844678}
  m_Father: {fileID: 4187200661601612}
  m_RootOrder: 0
  m_LocalEulerAnglesHint: {x: 0, y: 0, z: 0}
--- !u!4 &4783781388952466
Transform:
  m_ObjectHideFlags: 1
  m_PrefabParentObject: {fileID: 0}
  m_PrefabInternal: {fileID: 100100000}
  m_GameObject: {fileID: 1868427953761938}
  m_LocalRotation: {x: 0.000000003327522, y: 0.000000005974927, z: -0.13419507, w: 0.99095494}
  m_LocalPosition: {x: -0.31084925, y: -0.000000048446655, z: -1.8480932e-13}
  m_LocalScale: {x: 0.99999946, y: 0.99999934, z: 0.9999999}
  m_Children:
  - {fileID: 4898549596247370}
  - {fileID: 4953354193508030}
  - {fileID: 4386484962344600}
  m_Father: {fileID: 4464125302844678}
  m_RootOrder: 0
  m_LocalEulerAnglesHint: {x: 0, y: 0, z: 0}
--- !u!4 &4791418473919788
Transform:
  m_ObjectHideFlags: 1
  m_PrefabParentObject: {fileID: 0}
  m_PrefabInternal: {fileID: 100100000}
  m_GameObject: {fileID: 1244551536499458}
  m_LocalRotation: {x: -0.035381127, y: -0.064606994, z: -0.22023755, w: 0.9726611}
  m_LocalPosition: {x: -0.39964673, y: -0.000000024223327, z: 0}
  m_LocalScale: {x: 0.99999714, y: 1.0000007, z: 1.0000026}
  m_Children:
  - {fileID: 4963936163365078}
  m_Father: {fileID: 4386484962344600}
  m_RootOrder: 0
  m_LocalEulerAnglesHint: {x: 0, y: 0, z: 0}
--- !u!4 &4898549596247370
Transform:
  m_ObjectHideFlags: 1
  m_PrefabParentObject: {fileID: 0}
  m_PrefabInternal: {fileID: 100100000}
  m_GameObject: {fileID: 1435693706124782}
  m_LocalRotation: {x: 0.022462595, y: 0.95270455, z: 0.18605024, w: 0.23923801}
  m_LocalPosition: {x: 0.16523236, y: 0.067353256, z: 0.34448954}
  m_LocalScale: {x: 0.9999994, y: 0.9999998, z: 1.0000004}
  m_Children:
  - {fileID: 4018071357933412}
  m_Father: {fileID: 4783781388952466}
  m_RootOrder: 0
  m_LocalEulerAnglesHint: {x: 0, y: 0, z: 0}
--- !u!4 &4953354193508030
Transform:
  m_ObjectHideFlags: 1
  m_PrefabParentObject: {fileID: 0}
  m_PrefabInternal: {fileID: 100100000}
  m_GameObject: {fileID: 1627051143894422}
  m_LocalRotation: {x: -3.7624234e-10, y: 0.000000010729643, z: 0.038249128, w: 0.99926823}
  m_LocalPosition: {x: -0.001298758, y: -0.0057191034, z: -0.000000010983587}
  m_LocalScale: {x: 0.99999994, y: 1, z: 0.99999994}
  m_Children:
  - {fileID: 4520448857009662}
  m_Father: {fileID: 4783781388952466}
  m_RootOrder: 1
  m_LocalEulerAnglesHint: {x: 0, y: 0, z: 0}
--- !u!4 &4963936163365078
Transform:
  m_ObjectHideFlags: 1
  m_PrefabParentObject: {fileID: 0}
  m_PrefabInternal: {fileID: 100100000}
  m_GameObject: {fileID: 1556625731000480}
  m_LocalRotation: {x: -0.716384, y: -0.027913926, z: -0.024041167, w: 0.696733}
  m_LocalPosition: {x: -0.29609996, y: 0, z: 0}
  m_LocalScale: {x: 0.9999904, y: 1.0000061, z: 1.0000035}
  m_Children: []
  m_Father: {fileID: 4791418473919788}
  m_RootOrder: 0
  m_LocalEulerAnglesHint: {x: 0, y: 0, z: 0}
--- !u!4 &4983621156543472
Transform:
  m_ObjectHideFlags: 1
  m_PrefabParentObject: {fileID: 0}
  m_PrefabInternal: {fileID: 100100000}
  m_GameObject: {fileID: 1307111454654674}
  m_LocalRotation: {x: -0.0021525107, y: -0.0691959, z: -0.72513694, w: 0.6851159}
  m_LocalPosition: {x: -0.7410455, y: -0.000000006055832, z: -0.000000048446655}
  m_LocalScale: {x: 1.0000004, y: 0.99999946, z: 0.9999994}
  m_Children: []
  m_Father: {fileID: 4360863315615712}
  m_RootOrder: 0
  m_LocalEulerAnglesHint: {x: 0, y: 0, z: 0}
--- !u!4 &4987394306811008
Transform:
  m_ObjectHideFlags: 1
  m_PrefabParentObject: {fileID: 0}
  m_PrefabInternal: {fileID: 100100000}
  m_GameObject: {fileID: 1130306463700824}
  m_LocalRotation: {x: 0.0018370886, y: 0.0685367, z: -0.72528183, w: 0.6850297}
  m_LocalPosition: {x: -0.7410455, y: 0, z: 0}
  m_LocalScale: {x: 0.999999, y: 1.0000008, z: 1.0000005}
  m_Children: []
  m_Father: {fileID: 4488624297990224}
  m_RootOrder: 0
  m_LocalEulerAnglesHint: {x: 0, y: 0, z: 0}
--- !u!95 &95273964486898450
Animator:
  serializedVersion: 3
  m_ObjectHideFlags: 1
  m_PrefabParentObject: {fileID: 0}
  m_PrefabInternal: {fileID: 100100000}
  m_GameObject: {fileID: 1053173101441448}
  m_Enabled: 1
  m_Avatar: {fileID: 9000000, guid: de28d795e76ac0540a5955f775229a05, type: 3}
  m_Controller: {fileID: 9100000, guid: 5cdc236ecb01f7e4cb87a3591053d4c6, type: 2}
  m_CullingMode: 1
  m_UpdateMode: 0
  m_ApplyRootMotion: 0
  m_LinearVelocityBlending: 0
  m_WarningMessage: 
  m_HasTransformHierarchy: 1
  m_AllowConstantClipSamplingOptimization: 1
--- !u!137 &137754916618552586
SkinnedMeshRenderer:
  m_ObjectHideFlags: 1
  m_PrefabParentObject: {fileID: 0}
  m_PrefabInternal: {fileID: 100100000}
  m_GameObject: {fileID: 1859878160902350}
  m_Enabled: 1
  m_CastShadows: 1
  m_ReceiveShadows: 1
  m_MotionVectors: 1
  m_LightProbeUsage: 1
  m_ReflectionProbeUsage: 1
  m_Materials:
  - {fileID: 2100000, guid: 8cdc21acbb065984da89c3e1caf3a796, type: 2}
  - {fileID: 2100000, guid: a96441cf352223a48bec0280aa39e3bf, type: 2}
  - {fileID: 2100000, guid: 55ab27fd395813b42b308a48b2d37148, type: 2}
  m_StaticBatchInfo:
    firstSubMesh: 0
    subMeshCount: 0
  m_StaticBatchRoot: {fileID: 0}
  m_ProbeAnchor: {fileID: 0}
  m_LightProbeVolumeOverride: {fileID: 0}
  m_ScaleInLightmap: 1
  m_PreserveUVs: 0
  m_IgnoreNormalsForChartDetection: 0
  m_ImportantGI: 0
  m_SelectedEditorRenderState: 3
  m_MinimumChartSize: 4
  m_AutoUVMaxDistance: 0.5
  m_AutoUVMaxAngle: 89
  m_LightmapParameters: {fileID: 0}
  m_SortingLayerID: 0
  m_SortingLayer: 0
  m_SortingOrder: 0
  serializedVersion: 2
  m_Quality: 0
  m_UpdateWhenOffscreen: 0
  m_SkinnedMotionVectors: 1
  m_Mesh: {fileID: 4300000, guid: de28d795e76ac0540a5955f775229a05, type: 3}
  m_Bones:
  - {fileID: 4520448857009662}
  - {fileID: 4783781388952466}
  - {fileID: 4578561565276858}
  - {fileID: 4464125302844678}
  - {fileID: 4386484962344600}
  - {fileID: 4953354193508030}
  - {fileID: 4898549596247370}
  - {fileID: 4182724255612832}
  - {fileID: 4187200661601612}
  - {fileID: 4791418473919788}
  - {fileID: 4963936163365078}
  - {fileID: 4018071357933412}
  - {fileID: 4079717300352928}
  - {fileID: 4509193066868612}
  - {fileID: 4236434183985568}
  - {fileID: 4488624297990224}
  - {fileID: 4987394306811008}
  - {fileID: 4983621156543472}
  - {fileID: 4360863315615712}
  m_BlendShapeWeights: []
  m_RootBone: {fileID: 4182724255612832}
  m_AABB:
    m_Center: {x: -0.12770319, y: 0.119763985, z: -0.003330648}
    m_Extent: {x: 1.526289, y: 0.44770527, z: 0.9039197}
  m_DirtyAABB: 0
